<?xml version="1.0"?>
<marc:records xmlns:marc="http://www.loc.gov/MARC21/slim" xmlns:xsi="http://www.w3.org/2001/XMLSchema-instance" xsi:schemaLocation="http://www.loc.gov/MARC21/slim http://www.loc.gov/standards/marcxml/schema/MARC21slim.xsd">
  <marc:record>
    <marc:leader>03231ntm a2200433Ia 4500</marc:leader>
    <marc:controlfield tag="001">9935740973503681</marc:controlfield>
    <marc:controlfield tag="005">20210315153643.0</marc:controlfield>
    <marc:controlfield tag="008">210315m17871848xx            000 0 ota d</marc:controlfield>
    <marc:datafield ind1=" " ind2=" " tag="035">
  <marc:subfield code="a">(OCoLC)1241709118</marc:subfield>
</marc:datafield>
    <marc:datafield ind1=" " ind2=" " tag="035">
  <marc:subfield code="a">(OCoLC)on1241709118</marc:subfield>
</marc:datafield>
    <marc:datafield ind1=" " ind2=" " tag="035">
  <marc:subfield code="a">(PU)3574097-penndb-Voyager</marc:subfield>
</marc:datafield>
    <marc:datafield ind1=" " ind2=" " tag="040">
  <marc:subfield code="a">PAU</marc:subfield>
  <marc:subfield code="b">eng</marc:subfield>
  <marc:subfield code="c">PAU</marc:subfield>
  <marc:subfield code="e">amremm</marc:subfield>
</marc:datafield>
    <marc:datafield ind1="0" ind2="0" tag="245">
  <marc:subfield code="a">[Governmental and commercial documents and correspondence in Ottoman Turkish].</marc:subfield>
</marc:datafield>
    <marc:datafield ind1=" " ind2=" " tag="260">
  <marc:subfield code="c">A.H. 1201-1264 (1787-1848)</marc:subfield>
</marc:datafield>
    <marc:datafield ind1=" " ind2=" " tag="300">
  <marc:subfield code="a">8</marc:subfield>
  <marc:subfield code="f">items +</marc:subfield>
  <marc:subfield code="e">3 notes :</marc:subfield>
  <marc:subfield code="b">paper ;</marc:subfield>
  <marc:subfield code="c">various.</marc:subfield>
</marc:datafield>
    <marc:datafield ind1=" " ind2=" " tag="500">
  <marc:subfield code="a">Ms. leaves.</marc:subfield>
</marc:datafield>
    <marc:datafield ind1=" " ind2=" " tag="500">
  <marc:subfield code="a">Title supplied by cataloger.</marc:subfield>
</marc:datafield>
    <marc:datafield ind1=" " ind2=" " tag="500">
  <marc:subfield code="a">Layout: Various layouts, mostly written in long lines rising on the left side; items 1 and 2 have a tughra at the top.</marc:subfield>
</marc:datafield>
    <marc:datafield ind1=" " ind2=" " tag="500">
  <marc:subfield code="a">Script: Written in di&#x304;wani&#x304;, nasta&#x2BB;li&#x304;q and ruq&#x2BB;ah in black and red inks; pointed.</marc:subfield>
</marc:datafield>
    <marc:datafield ind1=" " ind2=" " tag="500">
  <marc:subfield code="a">Decoration: Rubrications in red.</marc:subfield>
</marc:datafield>
    <marc:datafield ind1=" " ind2=" " tag="500">
  <marc:subfield code="a">Binding: Unbound; collection of loose leaves.</marc:subfield>
</marc:datafield>
    <marc:datafield ind1=" " ind2=" " tag="500">
  <marc:subfield code="a">Origin: Items are dated between 1201 and 1264 A.H. (1787 and 1848).</marc:subfield>
</marc:datafield>
    <marc:datafield ind1=" " ind2=" " tag="500">
  <marc:subfield code="a">Cataloging assistance provided by Neslihan Mervenur Vural.</marc:subfield>
</marc:datafield>
    <marc:datafield ind1="0" ind2=" " tag="505">
  <marc:subfield code="a">Item 2: [Document regarding a school for orphans] -- Item 3: [Waqf contract terms] -- Item 4 recto: [Letter regarding the black market (ihtikar)] -- Item 4 verso: [Petition about concubines] -- Item 5: [Waqf register and calculations] -- Item 6: [Petition about grave remains] -- Item 7: [Water regulation complaint] -- Item 8: [Marriage certificate] -- Item 9: [Tax collection order].</marc:subfield>
</marc:datafield>
    <marc:datafield ind1=" " ind2=" " tag="520">
  <marc:subfield code="a">A collection of Ottoman Turkish bureaucratic and financial documents. They correspond to items 2 through 9 on an accompanying list in English from before 1860. Item 2: a document regarding a school for orphans with seal dated 1201 A.H.; Item 3: document with terms for the establishment of a waqf (foundation endowment);  Item 4 recto: a letter regarding the black market (ihtikar), dated 1261 A.H.; Item 4 verso: a petition about concubines and the response to the petition; Item 5: a waqf register and calculations; Item 6: a petition about grave remains; Item 7: the evaluation of a complaint by Kara Yusuf about water distribution; Item 8: a marriage registration certificate, dated 1263 A.H; and Item 9: an order to the officials of the Rumkale and Kilis district to help Omer Aga with the collection of taxes to be collected for 63 years from tribes in two districts in Sivas.</marc:subfield>
</marc:datafield>
    <marc:datafield ind1=" " ind2=" " tag="524">
  <marc:subfield code="a">UPenn Ms. Oversize 22</marc:subfield>
</marc:datafield>
    <marc:datafield ind1=" " ind2=" " tag="546">
  <marc:subfield code="a">Ottoman Turkish.</marc:subfield>
</marc:datafield>
    <marc:datafield ind1=" " ind2="0" tag="650">
  <marc:subfield code="a">Waqf.</marc:subfield>
</marc:datafield>
    <marc:datafield ind1=" " ind2="0" tag="651">
  <marc:subfield code="a">Turkey</marc:subfield>
  <marc:subfield code="x">History</marc:subfield>
  <marc:subfield code="y">Ottoman Empire, 1288-1918</marc:subfield>
  <marc:subfield code="v">Miscellanea.</marc:subfield>
</marc:datafield>
    <marc:datafield ind1=" " ind2="0" tag="651">
  <marc:subfield code="a">Turkey</marc:subfield>
  <marc:subfield code="x">History</marc:subfield>
  <marc:subfield code="y">Ottoman Empire, 1288-1918</marc:subfield>
  <marc:subfield code="v">Sources.</marc:subfield>
</marc:datafield>
    <marc:datafield ind1=" " ind2="4" tag="655">
  <marc:subfield code="a">Manuscripts, Turkish.</marc:subfield>
</marc:datafield>
    <marc:datafield ind1=" " ind2="4" tag="655">
  <marc:subfield code="a">Manuscripts, 19th century.</marc:subfield>
</marc:datafield>
    <marc:datafield ind1=" " ind2="7" tag="655">
  <marc:subfield code="a">Manuscripts (documents)</marc:subfield>
  <marc:subfield code="2">aat</marc:subfield>
</marc:datafield>
    <marc:datafield ind1=" " ind2="7" tag="655">
  <marc:subfield code="a">Commercial correspondence.</marc:subfield>
  <marc:subfield code="2">aat</marc:subfield>
</marc:datafield>
    <marc:datafield ind1=" " ind2="7" tag="655">
  <marc:subfield code="a">Legal correspondence.</marc:subfield>
  <marc:subfield code="2">aat</marc:subfield>
</marc:datafield>
    <marc:datafield ind1=" " ind2="7" tag="655">
  <marc:subfield code="a">Legal instruments.</marc:subfield>
  <marc:subfield code="2">aat</marc:subfield>
</marc:datafield>
    <marc:datafield ind1=" " ind2="7" tag="655">
  <marc:subfield code="a">Marriage certificates.</marc:subfield>
  <marc:subfield code="2">aat</marc:subfield>
</marc:datafield>
    <marc:datafield ind1=" " ind2=" " tag="852">
  <marc:subfield code="b">Kislak Center for Special Collections, Rare Books and Manuscripts,</marc:subfield>
  <marc:subfield code="a">University of Pennsylvania,</marc:subfield>
  <marc:subfield code="e">3420 Walnut Street, Philadelphia, Pennsylvania, 19104-6206.</marc:subfield>
  <marc:subfield code="j">Ms. Oversize 22</marc:subfield>
</marc:datafield>
    <marc:datafield ind1="4" ind2="1" tag="856">
  <marc:subfield code="z">Digital facsimile in OPenn</marc:subfield>
  <marc:subfield code="u">https://openn.library.upenn.edu/Data/0002/html/msoversize22.html</marc:subfield>
</marc:datafield>
    <marc:holdings>
      <marc:holding>
        <marc:holding_id>22333865740003681</marc:holding_id>
        <marc:call_number>Ms. Oversize 22</marc:call_number>
        <marc:library>KislakCntr</marc:library>
        <marc:location>scmss</marc:location>
      </marc:holding>
    </marc:holdings>
  </marc:record>
</marc:records>
